<?xml version="1.0" encoding="UTF-8"?><collection xmlns="http://www.loc.gov/MARC21/slim"><record><leader>00638nam--2200181-i-4500</leader><controlfield tag="001">000028685</controlfield><controlfield tag="002">20161230</controlfield><controlfield tag="005">20161230201037</controlfield><controlfield tag="008">060222s1000------------r-----000-0-eng-d</controlfield><datafield ind1=" " ind2=" " tag="040"><subfield code="a">IFIN-HH</subfield></datafield><datafield ind1=" " ind2=" " tag="080"><subfield code="a">530.145</subfield></datafield><datafield ind1="1" ind2=" " tag="100"><subfield code="a">De Witt, C</subfield></datafield><datafield ind1="1" ind2="0" tag="245"><subfield code="a">Relations de dispersion et particules elementaires ; dispersion relations and elementary particles</subfield><subfield code="b">Les houches, ecole d`ete de physique theorique universite de grenoble sessions x 1960</subfield><subfield code="c">C. de witt, r. omnes (editeurs scientifiques)</subfield></datafield><datafield ind1=" " ind2=" " tag="260"><subfield code="a">Paris</subfield><subfield code="b">Herman</subfield><subfield code="c">1960</subfield></datafield><datafield ind1=" " ind2=" " tag="300"><subfield code="a">671P</subfield></datafield><datafield ind1=" " ind2=" " tag="490"><subfield code="a">Les Houches</subfield><subfield code="v">Sesion 10</subfield></datafield><datafield ind1=" " ind2=" " tag="852"><subfield code="a">17262</subfield><subfield code="c">530.145</subfield></datafield><datafield ind1=" " ind2=" " tag="CAT"><subfield code="a">Sys</subfield><subfield code="c">20111108</subfield><subfield code="h">113720</subfield></datafield></record></collection>